@article{tsne2,
  author = {van der Maaten, L.J.P. and Hinton, G.E.},
  keywords = {da mds projection visualization},
  title = {Visualizing High-Dimensional Data Using tSNE},
  year = {2008}
}

@article{sne1,
  author = {Hinton, Geoffrey and Roweis, Sam},
  description = {Stochastic Neighbor Embedding},
  editor = {S Becker, S Thrun and Obermayer, KEditors},
  journal = {Advances in neural information processing systems},
  keywords = {dimensionality reduction embedding machine learning visualisation},
  pages = {833 to 840},
  publisher = {Citeseer},
  title = {Stochastic Neighbor Embedding},
  volume = {15},
  year = {2003}
}