@article{eurostat2020,
	Abstract = {Dataset consumption},
	Author = {Eurostat},
	Title = {Gross and net production of electricity and derived heat by type of plant and operator},
	Volume = {62},
	Url = {https://ec.europa.eu/eurostat/databrowser/view/nrg_ind_peh/default/table?lang=en},
	Year = {2022}}