@Inbook{colab,
author="Bisong, Ekaba",
title="Google Colaboratory",
bookTitle="Building Machine Learning and Deep Learning Models on Google Cloud Platform A Comprehensive Guide for Beginners",
year="2019",
publisher="Apress",
address="Berkeley, CA",
pages="59 to 64",
isbn="978-1-4842-4470-8",
doi="10.1007/978-1-4842-4470-8_7",
url="https://doi.org/10.1007/978-1-4842-4470-8_7"
}

@Book{hdf5, 
keywords = {python, hdf5}, 
year = {2013}, 
publisher = {O'Reilly}, 
title = {Python and HDF5}, 
author = {Andrew Collette} 
}

@article{scikit,
 title={Scikit learn: Machine Learning in Python},
 author={Pedregosa, F. and Varoquaux, G. and Gramfort, A. and Michel, V.
         and Thirion, B. and Grisel, O. and Blondel, M. and Prettenhofer, P.
         and Weiss, R. and Dubourg, V. and Vanderplas, J. and Passos, A. and
         Cournapeau, D. and Brucher, M. and Perrot, M. and Duchesnay, E.},
 journal={Journal of Machine Learning Research},
 volume={12},
 pages={2825 to 2830},
 year={2011}
}

@ARTICLE{scipy,
  author  = {Virtanen, Pauli and Gommers, Ralf and Oliphant, Travis E. and
            Haberland, Matt and Reddy, Tyler and Cournapeau, David and
            Burovski, Evgeni and Peterson, Pearu and Weckesser, Warren and
            Bright, Jonathan and {van der Walt}, St{\'e}fan J. and
            Brett, Matthew and Wilson, Joshua and Millman, K. Jarrod and
            Mayorov, Nikolay and Nelson, Andrew R. J. and Jones, Eric and
            Kern, Robert and Larson, Eric and Carey, C J and
            Polat, {\.I}lhan and Feng, Yu and Moore, Eric W. and
            {VanderPlas}, Jake and Laxalde, Denis and Perktold, Josef and
            Cimrman, Robert and Henriksen, Ian and Quintero, E. A. and
            Harris, Charles R. and Archibald, Anne M. and
            Ribeiro, Ant{\^o}nio H. and Pedregosa, Fabian and
            {van Mulbregt}, Paul and {SciPy 1.0 Contributors}},
  title   = {{{SciPy} 1.0: Fundamental Algorithms for Scientific
            Computing in Python}},
  journal = {Nature Methods},
  year    = {2020},
  volume  = {17},
  pages   = {261 to 272},
  adsurl  = {https://rdcu.be/b08Wh},
  doi     = {10.1038/s41592-019-0686-2},
}

@article{seaborn,
    doi = {10.21105/joss.03021},
    url = {https://doi.org/10.21105/joss.03021},
    year = {2021},
    publisher = {The Open Journal},
    volume = {6},
    number = {60},
    pages = {3021},
    author = {Michael L. Waskom},
    title = {seaborn: statistical data visualization},
    journal = {Journal of Open Source Software}
 }

 @Article{matplotlib,
  Author    = {Hunter, J. D.},
  Title     = {Matplotlib: A 2D graphics environment},
  Journal   = {Computing in Science and Engineering},
  Volume    = {9},
  Number    = {3},
  Pages     = {90 to 95},
  publisher = {IEEE COMPUTER SOC},
  doi       = {10.1109/MCSE.2007.55},
  year      = {2007}
}

@inproceedings{pandas, 
  title={Data structures for statistical computing in python}, 
  author={McKinney, Wes and others}, 
  booktitle={Proceedings of the 9th Python in Science Conference}, 
  volume={445}, 
  pages={51 to 56}, 
  year={2010}, 
  organization={Austin, TX} 
}

@Article{numpy,
 title         = {Array programming with NumPy},
 author        = {Charles R. Harris and K. Jarrod Millman and Stefan J.
                 van der Walt and Ralf Gommers and Pauli Virtanen and David
                 Cournapeau and Eric Wieser and Julian Taylor and Sebastian
                 Berg and Nathaniel J. Smith and Robert Kern and Matti Picus
                 and Stephan Hoyer and Marten H. van Kerkwijk and Matthew
                 Brett and Allan Haldane and Jaime Fernandez del
                 Ro and Mark Wiebe and Pearu Peterson and Pierre
                 Gerard-Marchant and Kevin Sheppard and Tyler Reddy and
                 Warren Weckesser and Hameer Abbasi and Christoph Gohlke and
                 Travis E. Oliphant},
 year          = {2020},
 journal       = {Nature},
 volume        = {585},
 number        = {7825},
 pages         = {357 to 362},
 doi           = {10.1038/s41586-020-2649-2},
 publisher     = {Springer Science and Business Media {LLC}},
 url           = {https://doi.org/10.1038/s41586-020-2649-2}
}


@book{pickle,  
  title={The Python Library Reference}, 
  author={Van Rossum, Guido},  
  year={2020},  
  publisher={Python Software Foundation}  
}

@conference{jupyter, 
Title = {Jupyter Notebooks, a publishing format for reproducible computational workflows}, 
Author = {Thomas Kluyver and Benjamin Ragan-Kelley and Fernando Perez and Brian Granger and Matthias Bussonnier and Jonathan Frederic and Kyle Kelley and Jessica Hamrick and Jason Grout and Sylvain Corlay and Paul Ivanov and Damian Avila and Safia Abdalla and Carol Willing}, 
Booktitle = {Positioning and Power in Academic Publishing: Players, Agents and Agendas}, 
Editor = {F. Loizides and B. Schmidt}, 
Organization = {IOS Press}, 
Pages = {87 to 90}, 
Year = {2016} 
}

@inproceedings{nilmtk,
	doi = {10.1145/2602044.2602051},
	url = {https://doi.org/10.1145%2F2602044.2602051},
	year = {2014},
	month = {jun},
	publisher = {{ACM}},
	author = {Nipun Batra and Jack Kelly and Oliver Parson and Haimonti Dutta and William Knottenbelt and Alex Rogers and Amarjeet Singh and Mani Srivastava},
	title = {{NILMTK}},
	booktitle = {Proceedings of the 5th international conference on Future energy systems}
}